@online{who_cancer2022,
	ALTeditor = {International Agency for Research on Cancer (IARC)},
	title = {Global cancer burden growing, amidst mounting need for services},
	date = {1st of February 2024},
	url = {https://www.who.int/news/item/01-02-2024-global-cancer-burden-growing--amidst-mounting-need-for-services},
	OPTlanguage = {English},
	OPTorganization = {World Health Organization},
	OPTurldate = {22nd of July 2024},
}

@Article{Chammas2013,
    author={Chammas, Roger
    and Adhesion, Cell
    and Group, Cancer},
    title={Tumors as complex organs: are cancers manageable through the modification of their microenvironment?},
    journal={BMC Proceedings},
    year={2013},
    month={Apr},
    day={04},
    volume={7},
    number={2},
    pages={K16},
    issn={1753-6561},
    doi={10.1186/1753-6561-7-S2-K16},
    url={https://doi.org/10.1186/1753-6561-7-S2-K16}
}

