@Article{Chung2008,
	author={Chung, Hans T.
	and Lee, Brian
	and Park, Eileen
	and Lu, Jiade J.
	and Xia, Ping},
	title={Can All Centers Plan Intensity-Modulated Radiotherapy (IMRT) Effectively? An External Audit of Dosimetric Comparisons Between Three-Dimensional Conformal Radiotherapy and IMRT for Adjuvant Chemoradiation for Gastric Cancer},
	journal={International Journal of Radiation Oncology, Biology, Physics},
	year={2008},
	month={Jul},
	day={15},
	publisher={Elsevier},
	volume={71},
	number={4},
	pages={1167-1174},
	abstract={PurposeTo compare dosimetric endpoints between three-dimensional conformal radiotherapy (3D-CRT) and intensity-modulated radiotherapy (IMRT) at our center with limited IMRT experience, and to perform an external audit of the IMRT plans.},
	issn={0360-3016},
	doi={10.1016/j.ijrobp.2007.11.040},
	url={https://doi.org/10.1016/j.ijrobp.2007.11.040}
}

@Article{Bohsung2005,
	author={Bohsung, J{\"o}rg
	and Gillis, Sofie
	and Arrans, Rafael
	and Bakai, Annemarie
	and De Wagter, Carlos
	and Kn{\"o}{\"o}s, Tommy
	and Mijnheer, Ben J.
	and Paiusco, Marta
	and Perrin, Bruce A.
	and Welleweerd, Hans
	and Williams, Peter},
	title={IMRT treatment planning{\&}{\#}x2014;A comparative inter-system and inter-centre planning exercise of the ESTRO QUASIMODO group},
	journal={Radiotherapy and Oncology},
	year={2005},
	month={Sep},
	day={01},
	publisher={Elsevier},
	volume={76},
	number={3},
	pages={354-361},
	abstract={Background and purposeThe purpose of this work was a comparison of realistic IMRT plans based on the same CT-image data set and a common predefined set of dose objectives for the planning target volume and the organs at risk. This work was part of the larger European QUASIMODO IMRT verification project.},
	issn={0167-8140},
	doi={10.1016/j.radonc.2005.08.003},
	url={https://doi.org/10.1016/j.radonc.2005.08.003}
}